<record><leader>01723cam a2200421 i 4500</leader><controlfield tag="001">6815632</controlfield><controlfield tag="003">OCoLC</controlfield><controlfield tag="005">20150219120949.0</controlfield><controlfield tag="008">141128t20152015gw       b    001 0 eng d</controlfield><datafield ind1="7" ind2=" " tag="016"><subfield code="a">102446802X</subfield><subfield code="2">GyFmDB</subfield></datafield><datafield ind1=" " ind2=" " tag="020"><subfield code="a">9783110300574</subfield></datafield><datafield ind1=" " ind2=" " tag="020"><subfield code="a">3110300575</subfield></datafield><datafield ind1=" " ind2=" " tag="020"><subfield code="z">9783110395693</subfield><subfield code="q">EPUB</subfield></datafield><datafield ind1=" " ind2=" " tag="020"><subfield code="z">9783110300666</subfield><subfield code="q">PDF</subfield></datafield><datafield ind1=" " ind2=" " tag="035"><subfield code="a">ocn897100491</subfield></datafield><datafield ind1=" " ind2=" " tag="040"><subfield code="a">OHX</subfield><subfield code="b">eng</subfield><subfield code="e">rda</subfield><subfield code="c">OHX</subfield><subfield code="d">OCLCO</subfield><subfield code="d">YDXCP</subfield><subfield code="d">OCLCO</subfield><subfield code="d">VGM</subfield><subfield code="d">HEBIS</subfield><subfield code="d">BTCTA</subfield><subfield code="d">UAB</subfield><subfield code="d">AEU</subfield></datafield><datafield ind1=" " ind2=" " tag="043"><subfield code="a">e-gw---</subfield></datafield><datafield ind1=" " ind2="4" tag="050"><subfield code="a">DS134.26</subfield><subfield code="b">.R35 2015</subfield></datafield><datafield ind1="0" ind2="4" tag="082"><subfield code="a">940.531814</subfield><subfield code="2">23</subfield></datafield><datafield ind1=" " ind2=" " tag="090"><subfield code="a">DS 134.26 R35 2015</subfield><subfield code="b">AEU</subfield></datafield><datafield ind1="1" ind2=" " tag="100"><subfield code="a">Raim, Edith,</subfield><subfield code="d">1965-</subfield><subfield code="e">author.</subfield></datafield><datafield ind1="1" ind2="0" tag="245"><subfield code="a">Nazi crimes against Jews and German post-war justice :</subfield><subfield code="b">the West German judicial system during allied occupation (1945-1949) /</subfield><subfield code="c">Edith Raim.</subfield></datafield><datafield ind1=" " ind2="1" tag="264"><subfield code="a">Berlin :</subfield><subfield code="b">De Gruyter Oldenbourg,</subfield><subfield code="c">[2015]</subfield></datafield><datafield ind1=" " ind2="4" tag="264"><subfield code="c">&#169;2015</subfield></datafield><datafield ind1=" " ind2=" " tag="300"><subfield code="a">xiii, 332 pages ;</subfield><subfield code="c">24 cm.</subfield></datafield><datafield ind1=" " ind2=" " tag="336"><subfield code="a">text</subfield><subfield code="b">txt</subfield><subfield code="2">rdacontent</subfield></datafield><datafield ind1=" " ind2=" " tag="337"><subfield code="a">unmediated</subfield><subfield code="b">n</subfield><subfield code="2">rdamedia</subfield></datafield><datafield ind1=" " ind2=" " tag="338"><subfield code="a">volume</subfield><subfield code="b">nc</subfield><subfield code="2">rdacarrier</subfield></datafield><datafield ind1="1" ind2=" " tag="490"><subfield code="a">New perspectives on modern Jewish history,</subfield><subfield code="x">2192-9653 ;</subfield><subfield code="v">volume 3</subfield></datafield><datafield ind1=" " ind2=" " tag="504"><subfield code="a">Includes bibliographical references and indexes.</subfield></datafield><datafield ind1=" " ind2=" " tag="596"><subfield code="a">16 43</subfield></datafield><datafield ind1=" " ind2="0" tag="650"><subfield code="a">Jews</subfield><subfield code="x">Persecutions</subfield><subfield code="z">Germany</subfield><subfield code="x">History</subfield><subfield code="y">20th century.</subfield></datafield><datafield ind1=" " ind2="0" tag="650"><subfield code="a">Holocaust, Jewish (1939-1945)</subfield></datafield><datafield ind1=" " ind2="0" tag="650"><subfield code="a">Justice, Administration of</subfield><subfield code="z">Germany</subfield><subfield code="x">History</subfield><subfield code="y">20th century.</subfield></datafield><datafield ind1=" " ind2="0" tag="830"><subfield code="a">New perspectives on modern Jewish history ;</subfield><subfield code="v">v. 3.</subfield><subfield code="x">2192-9653</subfield></datafield><datafield ind1=" " ind2=" " tag="949"><subfield code="a">DS 134.26 R35 2015</subfield><subfield code="h">UAAU-B</subfield><subfield code="i">0162035245958</subfield></datafield><datafield ind1=" " ind2=" " tag="926"><subfield code="a">DS 134.26 R35 2015</subfield><subfield code="w">LC</subfield><subfield code="c">1</subfield><subfield code="i">0162035245958</subfield><subfield code="l">ON_SHELF</subfield><subfield code="m">UAAUG</subfield><subfield code="p">$150.00</subfield><subfield code="r">Y</subfield><subfield code="s">Y</subfield><subfield code="t">BOOK</subfield><subfield code="u">3/4/2015</subfield></datafield><datafield ind1=" " ind2=" " tag="926"><subfield code="a">DS 134.26 R35 2015</subfield><subfield code="w">LC</subfield><subfield code="c">1</subfield><subfield code="i">0162035259454</subfield><subfield code="d">4/5/2015</subfield><subfield code="e">4/6/2015</subfield><subfield code="l">ON_SHELF</subfield><subfield code="m">UAHSS</subfield><subfield code="n">3</subfield><subfield code="p">$150.00</subfield><subfield code="r">Y</subfield><subfield code="s">Y</subfield><subfield code="t">BOOK</subfield><subfield code="u">3/25/2015</subfield></datafield></record>